@misc{chen:23:spdes-bib,
  author        = {Chen, Le},
  publisher     = {GitHub, Zenodo \& Read the Docs},
  url           = {https://spdes-bib.readthedocs.io},
  date          = {2023-11},
  doi           = {10.5281/zenodo.10143431},
  journaltitle  = {GitHub repository},
  title         = {{SPDEs-Bib}: A Comprehensive Bibliography of Stochastic Partial Differential Equations and Related Topics}
}
@misc{chen.hu:23:some,
  author        = {Chen, Le and Hu, Guannan},
  publisher     = {GitHub \& Zenodo},
  url           = {https://github.com/chenle02/Fox-H\_Symbolic\_Tools},
  date          = {2023-11},
  doi           = {10.5281/zenodo.10143785},
  journaltitle  = {GitHub repository},
  title         = {Some symbolic tools for the {Fox} {$H$}-function}
}
@book{eidelman.ivasyshen.ea:04:analytic,
  author        = {Eidelman, Samuil D. and Ivasyshen, Stepan D. and Kochubei, Anatoly N.},
  publisher     = {Birkh\"{a}user Verlag, Basel},
  url           = {https://doi.org/10.1007/978-3-0348-7844-9},
  date          = {2004},
  doi           = {10.1007/978-3-0348-7844-9},
  isbn          = {3-7643-7115-3},
  pages         = {x+387},
  series        = {Operator Theory: Advances and Applications},
  title         = {Analytic methods in the theory of differential and pseudo-differential equations of parabolic type},
  volume        = {152}
}
@article{fox:61:g,
  author        = {Fox, Charles},
  url           = {https://doi.org/10.2307/1993339},
  date          = {1961},
  doi           = {10.2307/1993339},
  issn          = {0002-9947},
  journaltitle  = {Trans. Amer. Math. Soc.},
  pages         = {395--429},
  title         = {The {$G$} and {\$H\$} functions as symmetrical {F}ourier kernels},
  volume        = {98}
}
@book{kilbas.saigo:04:h-transforms,
  author        = {Kilbas, Anatoly A. and Saigo, Megumi},
  publisher     = {Chapman \& Hall/CRC, Boca Raton, FL},
  url           = {https://doi.org/10.1201/9780203487372},
  date          = {2004},
  doi           = {10.1201/9780203487372},
  isbn          = {0-415-29916-0},
  note          = {Theory and applications},
  pages         = {xii+389},
  series        = {Analytical Methods and Special Functions},
  title         = {{$H$}-transforms},
  volume        = {9}
}
@book{kilbas.srivastava.ea:06:theory,
  author        = {Kilbas, Anatoly A. and Srivastava, Hari M. and Trujillo, Juan J.},
  publisher     = {Elsevier Science B.V., Amsterdam},
  date          = {2006},
  isbn          = {978-0-444-51832-3; 0-444-51832-0},
  pages         = {xvi+523},
  series        = {North-Holland Mathematics Studies},
  title         = {Theory and applications of fractional differential equations},
  volume        = {204}
}
@book{mathai.saxena:78:h-function,
  author        = {Mathai, A. M. and Saxena, R. K.},
  publisher     = {Halsted Press [John Wiley \& Sons], New York-London-Sydney},
  date          = {1978},
  isbn          = {0-470-26380-6},
  pages         = {xii+192},
  title         = {The {$H$}-function with applications in statistics and other disciplines}
}
@book{mathai.saxena.ea:10:h-function,
  author        = {Mathai, A. M. and Saxena, Ram Kishore and Haubold, Hans J.},
  publisher     = {Springer, New York},
  url           = {https://doi.org/10.1007/978-1-4419-0916-9},
  date          = {2010},
  doi           = {10.1007/978-1-4419-0916-9},
  isbn          = {978-1-4419-0915-2},
  note          = {Theory and applications},
  pages         = {xiv+268},
  title         = {The {$H$}-function}
}
@book{olver.lozier.ea:10:nist,
  author        = {Olver, Frank W. J. and Lozier, Daniel W. and Boisvert, Ronald F. and Clark, Charles W.},
  publisher     = {U.S. Department of Commerce, National Institute of Standards and Technology, Washington, DC; Cambridge University Press, Cambridge},
  date          = {2010},
  isbn          = {978-0-521-14063-8},
  note          = {With 1 CD-ROM (Windows, Macintosh and UNIX)},
  pages         = {xvi+951},
  title         = {N{IST} handbook of mathematical functions}
}
@book{prudnikov.brychkov.ea:90:integrals,
  author        = {Prudnikov, A. P. and Brychkov, Yu. A. and Marichev, O. I.},
  publisher     = {Gordon and Breach Science Publishers, New York},
  date          = {1990},
  isbn          = {2-88124-682-6},
  note          = {More special functions, Translated from the Russian by G. G. Gould},
  pages         = {800},
  title         = {Integrals and series. {V}ol. 3}
}
