
@article{chen.hu.ea:17:space-time,
  author        = {Chen, Le and Hu, Guannan and Hu, Yaozhong and Huang, Jingyu},
  url           = {https://doi.org/10.1080/17442508.2016.1146282},
  date          = {2017},
  doi           = {10.1080/17442508.2016.1146282},
  issn          = {1744-2508},
  journaltitle  = {Stochastics},
  number        = {1},
  pages         = {171--206},
  title         = {Space-time fractional diffusions in {G}aussian noisy environment},
  volume        = {89}
}
@article{chen.hu.ea:19:nonlinear,
  author        = {Chen, Le and Hu, Yaozhong and Nualart, David},
  url           = {https://doi.org/10.1016/j.spa.2019.01.003},
  date          = {2019},
  doi           = {10.1016/j.spa.2019.01.003},
  issn          = {0304-4149},
  journaltitle  = {Stochastic Process. Appl.},
  number        = {12},
  pages         = {5073--5112},
  title         = {Nonlinear stochastic time-fractional slow and fast diffusion equations on {$\mathbb{R}^d$}},
  volume        = {129}
}
@article{chen.guo.ea:22:moments,
  title         = {Moments and asymptotics for a class of SPDEs with space-time white noise},
  author        = {Le Chen and Yuhui Guo and Jian Song},
  year          = {2022},
  month         = {June},
  journal       = {preprint arXiv:2206.10069, to appear in Trans. Amer. Math. Soc.},
  url           = {https://www.arxiv.org/abs/2206.10069}
}
@book{kilbas.saigo:04:h-transforms,
  author        = {Kilbas, Anatoly A. and Saigo, Megumi},
  publisher     = {Chapman \& Hall/CRC, Boca Raton, FL},
  url           = {https://doi.org/10.1201/9780203487372},
  date          = {2004},
  doi           = {10.1201/9780203487372},
  isbn          = {0-415-29916-0},
  note          = {Theory and applications},
  pages         = {xii+389},
  series        = {Analytical Methods and Special Functions},
  title         = {{$H$}-transforms},
  volume        = {9}
}
@misc{chen:22:some,
  author       = {Chen, Le},
  title        = {Some symbolic tools for the {F}ox {$H$}-function},
  year         = {2022},
  publisher    = {GitHub Repository},
  howpublished = {\url{https://github.com/chenle02/Fox-H_Symbolic_Tools}},
  note         = {Accessed: 11/08/2023}
}
@article{fox:61:g,
  author        = {Fox, Charles},
  title         = {The {$G$} and {$H$} functions as symmetrical {F}ourier kernels},
  journal       = {Trans. Amer. Math. Soc.},
  fjournal      = {Transactions of the American Mathematical Society},
  volume        = {98},
  year          = {1961},
  pages         = {395--429},
  issn          = {0002-9947},
  mrclass       = {33.21},
  mrnumber      = {131578},
  mrreviewer    = {K. Chandrasekharan},
  doi           = {10.2307/1993339},
  url           = {https://doi.org/10.2307/1993339}
}
