@ARTICLE{fox:61:g,
  AUTHOR = {Fox, Charles},
  URL = {https://doi.org/10.2307/1993339},
  DATE = {1961},
  DOI = {10.2307/1993339},
  ISSN = {0002-9947},
  JOURNALTITLE = {Trans. Amer. Math. Soc.},
  PAGES = {395--429},
  TITLE = {The {$G$} and {\$H\$} functions as symmetrical {F}ourier kernels},
  VOLUME = {98},
}

@BOOK{kilbas.saigo:04:h-transforms,
  AUTHOR = {Kilbas, Anatoly A. and Saigo, Megumi},
  PUBLISHER = {Chapman \& Hall/CRC, Boca Raton, FL},
  URL = {https://doi.org/10.1201/9780203487372},
  DATE = {2004},
  DOI = {10.1201/9780203487372},
  ISBN = {0-415-29916-0},
  NOTE = {Theory and applications},
  PAGES = {xii+389},
  SERIES = {Analytical Methods and Special Functions},
  TITLE = {{$H$}-transforms},
  VOLUME = {9},
}

